
@article{abscission,
	title = {Effects of ethylene on ornamental pot plants: A classification},
	year = {1987},
	author = {E.J. Woltering},
	journal = {Scientia Horticulturae},
	volume = {31},
	number = {3},
	pages = {283--294},
	doi = {10.1016/0304-4238(87)90054-9}
}
